% ----------------
% BCFL
% ----------------
@ARTICLE{Tretvoll2011-lo,
  title    = "Resolving the {Consumption-Real} Exchange Rate Anomaly with
              Recursive Preferences",
  author   = "Tretvoll, Hakon",
  year     =  2011,
}

@ARTICLE{Tretvoll2015-lo,
  title    = "International Correlations and the Composition of Trade",
  author   = "Tretvoll, H{\aa}kon",
  month    =  sep,
  year     =  2015,
}

@ARTICLE{Weil1989-vy,
  title    = "The equity premium puzzle and the risk-free rate puzzle",
  author   = "Weil, Philippe",
  journal  = "J. Monet. Econ.",
  volume   =  24,
  number   =  3,
  pages    = "401--421",
  month    =  nov,
  year     =  1989,
}

@ARTICLE{Tretvoll2018-dj,
  title    = "Real exchange rate variability in a two-country business cycle
              model",
  author   = "Tretvoll, H{\aa}kon",
  journal  = "Rev. Econ. Dyn.",
  volume   =  27,
  pages    = "123--145",
  month    =  jan,
  year     =  2018,
}

@ARTICLE{Tallarini2000-xx,
  title    = "Risk-sensitive real business cycles",
  author   = "Tallarini, Thomas D",
  journal  = "J. Monet. Econ.",
  volume   =  45,
  number   =  3,
  pages    = "507--532",
  month    =  jun,
  year     =  2000,
}

@ARTICLE{Rabanal2011-pm,
  title    = "Cointegrated {TFP} processes and international business cycles",
  author   = "Rabanal, Pau and Rubio-Ram{\'\i}rez, Juan F and Tuesta, Vicente",
  journal  = "J. Monet. Econ.",
  volume   =  58,
  number   =  2,
  pages    = "156--171",
  month    =  mar,
  year     =  2011,
}

@ARTICLE{Kose2006-os,
  title     = "Can the standard international business cycle model explain the
               relation between trade and comovement?",
  author    = "Kose, M Ayhan and Yi, Kei-Mu",
  journal   = "J. Int. Econ.",
  publisher = "Elsevier",
  volume    =  68,
  number    =  2,
  pages     = "267--295",
  year      =  2006,
}

@ARTICLE{Kollmann2015-sy,
  title    = "Exchange Rates Dynamics with {Long-Run} Risk and Recursive
              Preferences",
  author   = "Kollmann, Robert",
  journal  = "Open Econ. Rev.",
  volume   =  26,
  number   =  2,
  pages    = "175--196",
  month    =  apr,
  year     =  2015,
}

@ARTICLE{Kollmann1995-fe,
  title    = "Consumption, real exchange rates and the structure of
              international asset markets",
  author   = "Kollmann, Robert",
  journal  = "J. Int. Money Finance",
  volume   =  14,
  number   =  2,
  pages    = "191--211",
  month    =  apr,
  year     =  1995,
}

@ARTICLE{Jurado2015-hy,
  title    = "Measuring Uncertainty",
  author   = "Jurado, Kyle and Ludvigson, Sydney C and Ng, Serena",
  journal  = "Am. Econ. Rev.",
  volume   =  105,
  number   =  3,
  pages    = "1177--1216",
  month    =  mar,
  year     =  2015,
}

@ARTICLE{Heathcote2013-fe,
  title     = "The International Diversification Puzzle Is Not as Bad as You
               Think",
  author    = "Heathcote, Jonathan and Perri, Fabrizio",
  journal   = "J. Polit. Econ.",
  publisher = "The University of Chicago Press",
  volume    =  121,
  number    =  6,
  pages     = "1108--1159",
  year      =  2013,
}

@ARTICLE{Heathcote2002-aw,
  title    = "Financial autarky and international business cycles",
  author   = "Heathcote, Jonathan and Perri, Fabrizio",
  journal  = "J. Monet. Econ.",
  volume   =  49,
  number   =  3,
  pages    = "601--627",
  month    =  apr,
  year     =  2002,
}

@ARTICLE{Gourio2016-qm,
  title    = "Uncertainty and International Capital Flows",
  author   = "Gourio, Francois and Siemer, Michael and Verdelhan, Adrien",
  year     =  2016,
}

@ARTICLE{Crucini2008-mi,
  title    = "Persistence in law of one price deviations: Evidence from
              micro-data",
  author   = "Crucini, Mario J and Shintani, Mototsugu",
  journal  = "J. Monet. Econ.",
  volume   =  55,
  number   =  3,
  pages    = "629--644",
  month    =  apr,
  year     =  2008,
}

@ARTICLE{Corsetti2008-lx,
  title     = "International Risk Sharing and the Transmission of Productivity
               Shocks",
  author    = "Corsetti, Giancarlo and Dedola, Luca and Leduc, Sylvain",
  journal   = "Rev. Econ. Stud.",
  publisher = "Oxford University Press",
  volume    =  75,
  number    =  2,
  pages     = "443--473",
  year      =  2008,
}

@ARTICLE{Chari2007-kq,
  title    = "Business Cycle Accounting",
  author   = "Chari, V V and Kehoe, Patrick J and McGrattan, Ellen R",
  journal  = "Econometrica",
  volume   =  75,
  number   =  3,
  pages    = "781--836",
  month    =  may,
  year     =  2007,
}

@ARTICLE{Borovicka2016-rr,
  title    = "Survival and {Long-Run} Dynamics with Heterogeneous Beliefs under
              Recursive Preferences",
  author   = "Borovi{\v c}ka, Jaroslav",
  month    =  oct,
  year     =  2016,
}

@ARTICLE{Chari2002-ll,
  title     = "Can Sticky Price Models Generate Volatile and Persistent Real
               Exchange Rates?",
  author    = "Chari, V V and Kehoe, Patrick J and McGrattan, Ellen R",
  journal   = "Rev. Econ. Stud.",
  publisher = "Oxford University Press",
  volume    =  69,
  number    =  3,
  pages     = "533--563",
  month     =  jul,
  year      =  2002,
}

@ARTICLE{Baxter1995-nl,
  title     = "Business Cycles and the Asset Structure of Foreign Trade",
  author    = "Baxter, Marianne and Crucini, Mario J",
  journal   = "Int. Econ. Rev.",
  publisher = "[Economics Department of the University of Pennsylvania, Wiley,
               Institute of Social and Economic Research, Osaka University]",
  volume    =  36,
  number    =  4,
  pages     = "821--854",
  year      =  1995,
}

@ARTICLE{Backus1994-bi,
  title     = "Dynamics of the Trade Balance and the Terms of Trade: The
               {J-Curve}?",
  author    = "Backus, David K and Kehoe, Patrick J and Kydland, Finn E",
  journal   = "Am. Econ. Rev.",
  publisher = "American Economic Association",
  volume    =  84,
  number    =  1,
  pages     = "84--103",
  year      =  1994,
}

@ARTICLE{Anderson2005-of,
  title    = "The dynamics of risk-sensitive allocations",
  author   = "Anderson, Evan W",
  journal  = "J. Econ. Theory",
  volume   =  125,
  number   =  2,
  pages    = "93--150",
  month    =  dec,
  year     =  2005,
}

@BOOK{Bansal2004-mb,
  title     = "Risks for the Long Run: A Potential Resolution of Asset Pricing
               Puzzles on {JSTOR}",
  author    = "Bansal, R and Yaron, Amir",
  publisher = "Journal of Finance",
  month     =  jan,
  year      =  2004,
}

@ARTICLE{Epstein1989-mt,
  title     = "Substitution, Risk Aversion, and the Temporal Behavior of
               Consumption and Asset Returns: A Theoretical Framework",
  author    = "Epstein, Larry G and Zin, Stanley E",
  journal   = "Econometrica",
  publisher = "[Wiley, Econometric Society]",
  volume    =  57,
  number    =  4,
  pages     = "937--969",
  year      =  1989,
}

@ARTICLE{Backus2015-yx,
  title    = "Risk and ambiguity in models of business cycles",
  author   = "Backus, David and Ferriere, Axelle and Zin, Stanley",
  journal  = "J. Monet. Econ.",
  volume   =  69,
  pages    = "42--63",
  month    =  jan,
  year     =  2015,
}

@ARTICLE{Kreps1978-gf,
  title     = "Temporal Resolution of Uncertainty and Dynamic Choice Theory",
  author    = "Kreps, David M and Porteus, Evan L",
  journal   = "Econometrica",
  publisher = "[Wiley, Econometric Society]",
  volume    =  46,
  number    =  1,
  pages     = "185--200",
  year      =  1978,
}

% The entry below contains non-ASCII chars that could not be converted
% to a LaTeX equivalent.
@ARTICLE{Collin-dufresne2015-gt,
  title    = "A Robust Numerical Method for Solving {Risk-Sharing} Problems
              with Recursive Preferences",
  author   = "Collin-dufresne, Pierre and Johannes, Michael and Lochstoer, Lars
              A",
  pages    = "1--35",
  year     =  2015,
}

@ARTICLE{Kydland1982-xy,
  title     = "Time to Build and Aggregate Fluctuations",
  author    = "Kydland, Finn E and Prescott, Edward C",
  journal   = "Econometrica",
  volume    =  50,
  number    =  6,
  pages     = "1345--1370",
  year      =  1982,
}

@ARTICLE{Kehoe2002-lq,
  title     = "International business cycles with endogenous incomplete markets",
  author    = "Kehoe, Patrick J and Perri, Fabrizio",
  journal   = "Econometrica",
  publisher = "The Econometric Society",
  pages     = "907--928",
  month     =  may,
  year      =  2002,
}

@ARTICLE{Colacito2013-yq,
  title    = "International Asset Pricing with Recursive Preferences",
  author   = "Colacito, Riccardo and Croce, Mariano M",
  journal  = "J. Finance",
  volume   =  68,
  number   =  6,
  pages    = "2651--2686",
  month    =  dec,
  year     =  2013,
}

@UNPUBLISHED{Colacito2011-zp,
  title    = "Recursive allocations and wealth distribution with multiple goods
              : existence , survivorship , and dynamics",
  author   = "Colacito, Riccardo and Croce, Mariano",
  year     =  2011,
}

@ARTICLE{Colacito2014-ph,
  title    = "{BKK} the {EZ} Way International {Long-Run} Growth News and
              Capital Flows",
  author   = "Colacito, Riccardo and Croce, Max Mariano M and Ho, Steven and
              Howard, Philip",
  journal  = "Working Paper",
  year     =  2014,
}

@ARTICLE{Backus1993-ul,
  title    = "Consumption and real exchange rates in dynamic economies with
              non-traded goods",
  author   = "Backus, David K and Smith, Gregor W",
  journal  = "J. Int. Econ.",
  volume   =  35,
  number   = "3-4",
  pages    = "297--316",
  month    =  nov,
  year     =  1993,
}

% --------------
% CLMM
% --------------

@article{SW2007,
Author = {Smets, Frank and Wouters, Rafael},
Title = {Shocks and Frictions in US Business Cycles: A Bayesian DSGE Approach},
Journal = {American Economic Review},
Volume = {97},
Number = {3},
Year = {2007},
Month = {June},
Pages = {586-606},
DOI = {10.1257/aer.97.3.586},
URL = {http://www.aeaweb.org/articles?id=10.1257/aer.97.3.586}}

@book{niederreiter1992,
  title={Random number generation and quasi-Monte Carlo methods},
  author={Niederreiter, Harald},
  year={1992},
  publisher={SIAM}
}

@article{DSSW2007,
  title={On the fit of new Keynesian models},
  author={Del Negro, Marco and Schorfheide, Frank and Smets, Frank and Wouters, Rafael},
  journal={Journal of Business \& Economic Statistics},
  volume={25},
  number={2},
  pages={123--143},
  year={2007},
  publisher={Taylor \& Francis}
}

@techreport{ACS2017,
  title={Macroeconomic dynamics near the ZLB: A tale of two countries},
  author={Aruoba, S Bora{\u{g}}an and Cuba-Borda, Pablo and Schorfheide, Frank},
  year={2017},
  institution={National Bureau of Economic Research}
}

@techreport{AHLLM2017,
 title = {Income and Wealth Distribution in Macroeconomics: A Continuous-Time Approach},
 author = {Yves Achdou and Jiequn Han and Jean-Michel Lasry and Pierre-Louis Lions and Benjamin Moll},
 institution = {National Bureau of Economic Research},
 type = {Working Paper},
 series = {Working Paper Series},
 number = {23732},
 year = {2017},
 month = {August},
 URL = {http://www.nber.org/papers/w23732},
}

@article {Arellano2008,
  author = {Arellano, Cristina},
  title = {Default Risk and Income Fluctuations in Emerging Economies},
  journal = {American Economic Review},
  volume = {98},
  number = {3},
  year = {2008}
}

@article {AKK2008,
  author = {Autor, David H. and Lawrence F. Katz and Melissa S. Kearney},
  title = {Trends in US Wage Inequality: Revising the Revisionists},
  journal = {Review of Economics and Statistics},
  volume = {90},
  number = {2},
  pages = {300--323},
  year = {2008},
  publisher = {MIT Press}
}

@article{AFGR2011,
  title={Tapping the supercomputer under your desk: Solving dynamic equilibrium models with graphics processors},
  author={Aldrich, Eric M and Fern{\'a}ndez-Villaverde, Jes{\'u}s and Gallant, A Ronald and Rubio-Ram{\'\i}rez, Juan F},
  journal={Journal of Economic Dynamics and Control},
  volume={35},
  number={3},
  pages={386--393},
  year={2011},
  publisher={Elsevier}
}

@article{Aldrich2014,
  title={GPU Computing in Economics},
  author={Aldrich, EM},
  journal={Handbook of Computational Economics},
  volume={3},
  year={2014}
}

@article{AMMT2016,
  title={Envelope condition method with an application to default risk models},
  author={Arellano, Cristina and Maliar, Lilia and Maliar, Serguei and Tsyrennikov, Viktor},
  journal={Journal of Economic Dynamics and Control},
  volume={69},
  pages={436--459},
  year={2016},
  publisher={Elsevier}
}

@techreport{ACS2013,
  title={Macroeconomic dynamics near the ZLB: A tale of two countries},
  author={Aruoba, S Bora{\u{g}}an and Cuba-Borda, Pablo and Schorfheide, Frank},
  year={2013},
  institution={National Bureau of Economic Research},
  number = {19248}
}

@article{AF2014,
  title={A comparison of programming languages in economics},
  author={Aruoba, S Bora{\u{g}}an and Fern{\'a}ndez-Villaverde, Jes{\'u}s},
  journal={Journal of Economic Dynamics and Control},
  year={2015},
  volume={58},
  pages={265--273}
}

@article{AFR2006,
  title={Comparing solution methods for dynamic equilibrium economies},
  author={Aruoba, S Bora{\u{g}}an and Fernandez-Villaverde, Jesus and Rubio-Ramirez, Juan F},
  journal={Journal of Economic dynamics and Control},
  volume={30},
  number={12},
  pages={2477--2508},
  year={2006},
  publisher={Elsevier}
}

@article{BF2007,
  title={A generalization of the endogenous grid method},
  author={Barillas, Francisco and Fern{\'a}ndez-Villaverde, Jes{\'u}s},
  journal={Journal of Economic Dynamics and Control},
  volume={31},
  number={8},
  pages={2698--2712},
  year={2007},
  publisher={Elsevier}
}

@book{Bellman1957,
  title={Dynamic programming},
  author={Bellman, Richard},
  year={2013},
  publisher={Princeton University Press}
}

@article{Blackwell1965,
  title={Discounted dynamic programming},
  author={Blackwell, David},
  journal={The Annals of Mathematical Statistics},
  volume={36},
  number={1},
  pages={226--235},
  year={1965},
}

@article{Carroll2006,
  title={The method of endogenous gridpoints for solving dynamic stochastic optimization problems},
  author={Carroll, Christopher D},
  journal={Economics letters},
  volume={91},
  number={3},
  pages={312--320},
  year={2006},
}

@article{DM1990,
  title={Solving the stochastic growth model by parameterizing expectations},
  author={Den Haan, Wouter J and Marcet, Albert},
  journal={Journal of Business \& Economic Statistics},
  volume={8},
  number={1},
  pages={31--34},
  year={1990},
}

@article{DJJ2011,
  title={Computational suite of models with heterogeneous agents II: Multi-country real business cycle models},
  author={Den Haan, Wouter J and Judd, Kenneth L and Juillard, Michel},
  journal={Journal of Economic Dynamics and Control},
  volume={35},
  number={2},
  pages={175--177},
  year={2011},
}

@article{FR2007,
  title={Estimating macroeconomic models: A likelihood approach},
  author={Fern{\'a}ndez-Villaverde, Jes{\'u}s and Rubio-Ram{\'\i}rez, Juan F},
  journal={The Review of Economic Studies},
  volume={74},
  number={4},
  pages={1059--1087},
  year={2007},
}

@article{FGGR2015,
  title={Nonlinear adventures at the zero lower bound},
  author={Fern{\'a}ndez-Villaverde, Jes{\'u}s and Gordon, Grey and Guerr{\'o}n-Quintana, Pablo and Rubio-Ramirez, Juan F},
  journal={Journal of Economic Dynamics and Control},
  volume={57},
  pages={182--204},
  year={2015},
}

@article{FW2013,
  title={A polyhedral approximation approach to concave numerical dynamic programming},
  author={Fukushima, Kenichi and Waki, Yuichiro},
  journal={Journal of Economic Dynamics and Control},
  volume={37},
  number={11},
  pages={2322--2335},
  year={2013},
}

@article {GI2015,
  author = {Guerrieri, Luca and Iacoviello, Matteo},
  title = {OccBin: A toolkit for solving dynamic models with occasionally binding constraints easily},
  journal = {Journal of Monetary Economics},
  year = {2015},
  volume = {70},
  pages = {22-38}
}

@techreport{GLS2012,
  title={The empirical implications of the interest-rate lower bound},
  author={Gust, Christopher J and L{\'o}pez-Salido, David and Smith, Matthew E},
  year={2012},
  institution={Federal Reserve Board}
}

@techreport{HK2013,
  title={Generational risk-is it a big deal?: Simulating an 80-period olg model with aggregate shocks},
  author={Hasanhodzic, Jasmina and Kotlikoff, Laurence J},
  year={2013},
  institution={National Bureau of Economic Research},
  number={19179}
}

@article{Howard1960,
  title={DYNAMIC PROGRAMMING AND MARKOV PROCESSES..},
  author={Howard, Ronald A},
  year={1960}
}

@article{IRS2012,
  title={Extending endogenous grid method for solving discrete continuous sequential decision problems},
  author={Ishakov, F and Rust, John and Schjerning, Bertel},
  journal={Manuscript},
  year={2012}
}

@book{Judd1998,
  title={Numerical methods in economics},
  author={Judd, Kenneth L},
  year={1998},
  publisher={MIT press}
}

@article{JMM2011,
  title={Numerically stable and accurate stochastic simulation approaches for solving dynamic economic models},
  author={Judd, Kenneth L and Maliar, Lilia and Maliar, Serguei},
  journal={Quantitative Economics},
  volume={2},
  number={2},
  pages={173--210},
  year={2011},
}

@article{JMM2017,
  title={Lower Bounds on Approximation Errors to Numerical Solutions of Dynamic Economic Models},
  author={Judd, Kenneth L and Maliar, Lilia and Maliar, Serguei},
  journal={Econometrica},
  volume={85},
  number={3},
  pages={991--1012},
  year={2017}
}

@article{JMMV2014,
  title={Smolyak method for solving dynamic economic models: Lagrange interpolation, anisotropic grid and adaptive domain},
  author={Judd, Kenneth L and Maliar, Lilia and Maliar, Serguei and Valero, Rafael},
  journal={Journal of Economic Dynamics and Control},
  volume={44},
  pages={92--123},
  year={2014},
}

@article{JV2011,
  title={Multi-country real business cycle models: Accuracy tests and test bench},
  author={Juillard, Michel and Villemot, S{\'e}bastien},
  journal={Journal of Economic Dynamics and Control},
  volume={35},
  number={2},
  pages={178--185},
  year={2011},
}

@article{KKK2011,
  title={Solving the multi-country real business cycle model using a perturbation method},
  author={Kollmann, Robert and Kim, Jinill and Kim, Sunghyun H},
  journal={Journal of Economic Dynamics and Control},
  volume={35},
  number={2},
  pages={203--206},
  year={2011},
}

@article{KMMP2011,
  title={Comparison of solutions to the multi-country real business cycle model},
  author={Kollmann, Robert and Maliar, Serguei and Malin, Benjamin A and Pichler, Paul},
  journal={Journal of Economic Dynamics and Control},
  volume={35},
  number={2},
  pages={186--202},
  year={2011},
}

@article{KK2004,
  title={Computing equilibrium in OLG models with stochastic production},
  author={Krueger, Dirk and Kubler, Felix},
  journal={Journal of Economic Dynamics and Control},
  volume={28},
  number={7},
  pages={1411--1436},
  year={2004},
}

@techreport{Krueger2012,
    title={Macroeconomic theory},
    author={Krueger, Dirk},
    year={2012},
    institution={Manuscript}
}

@techreport{LMM2017,
  author={Vadym Lepetyuk and Lilia Maliar and Serguei Maliar},
  title={{Should Central Banks Worry About Nonlinearities of their Large-Scale Macroeconomic Models?}},
  year={2017},
  institution={Bank of Canada},
  type={Staff Working Papers},
  url={https://ideas.repec.org/p/bca/bocawp/17-21.html},
  number={17-21},
}

@techreport{LS2011,
  author={Laséen, Stefan and Svensson, Lars E O},
  title={Anticipated Alternative Instrument-Rate Paths in Policy Simulations},
  year=2011,
  month=Jan,
  institution={C.E.P.R. Discussion Papers},
  type={CEPR Discussion Papers},
  number={8176},
}

@article{MM2005,
  title={Solving nonlinear stochastic growth models: iterating on value function by simulations},
  author={Maliar, Lilia and Maliar, Serguei},
  journal={Economics Letters},
  volume={87},
  pages={135--140},
  year={2005}
}

@article{MM2013,
  title={Envelope Condition Method versus Endogenous Grid Method for Solving Dynamic Programming Problems},
  author={Maliar, Lilia and Maliar, Serguei},
  journal={Economic Letters},
  volume={120},
  pages={262-266},
  year={2013},
}

@article{MM2014,
  title={Numerical methods for large scale dynamic economic models},
  author={Maliar, Lilia and Maliar, Serguei},
  journal={Handbook of computational economics},
  volume={3},
  pages={325--477},
  year={2014},
}

@article{MM2015,
  title={Merging simulation and projection approaches to solve high-dimensional problems with an application to a new Keynesian model},
  author={Maliar, Lilia and Maliar, Serguei},
  journal={Quantitative Economics},
  volume={6},
  number={1},
  pages={1--47},
  year={2015},
}

@techreport{MMTT2015,
  title={A tractable framework for analyzing a class of nonstationary Markov models},
  author={Maliar, Lilia and Maliar, Serguei and Taylor, John and Tsener, Inna},
  year={2015},
  institution={National Bureau of Economic Research},
  number={21155}
}

@article{MKK2011,
  title={Solving the multi-country real business cycle model using a Smolyak-collocation method},
  author={Malin, Benjamin A and Krueger, Dirk and Kubler, Felix},
  journal={Journal of Economic Dynamics and Control},
  volume={35},
  number={2},
  pages={229--239},
  year={2011}
}

@incollection{ML1999,
    author={Marcet, Alberto and Lorenzoni, Guido},
    title={The parameterized expectation approach: some practical issues},
    editor={Ramon Marimon and Andrew Scott},
    booktitle={Computation Methods for Study of Dynamic Economies},
    publisher={Oxford University Press},
    year={1999},
    pages={143--171}
}

@article{PS2013,
  title={Fitted value function iteration with probability one contractions},
  author={P{\'a}l, Jen{\H{o}} and Stachurski, John},
  journal={Journal of Economic Dynamics and Control},
  volume={37},
  number={1},
  pages={251--264},
  year={2013},
}

@techreport{PE2017,
    title={Linearization about the Current State: A Computational Method for Approximating Nonlinear Policy Functions during Simulation},
    author={Phillips, Kerk L. and Evans, Richard W.},
    year={2017},
    organization={Working Paper}
}

@article{PZ2017,
    title={Solving the DMP Model Accurately},
    author={Petrosky-Nadeau, Nicolas and Zhang, Lu},
    journal={Quantitative Economics},
    year={Forthcoming},
}

@book{Powell2011,
  title={Approximate Dynamic Programming: Solving the Curses of Dimensionality},
  author={Powell, Warren B},
  volume={842},
  year={2011},
  publisher={John Wiley \& Sons}
}

@article{Rust2008,
  title={Dynamic programming},
  author={Rust, John},
  journal={The New Palgrave Dictionary of Economics},
  year={2008},
  publisher={London, UK, Palgrave Macmillan, Ltd}
}

@article{Santos1999,
  author={Santos, Manuel S},
  title={Chapter 5 Numerical solution of dynamic economic models},
  journal={Handbook of Macroeconomics},
  volume={1},
  pages={311--386},
  year={1999},
}

@article{Santos2000,
  title={Accuracy of numerical solutions using the Euler equation residuals},
  author={Santos, Manuel S},
  journal={Econometrica},
  volume={68},
  number={6},
  pages={1377--1402},
  year={2000},
}

@article{SR2004,
  title={Convergence properties of policy iteration},
  author={Santos, Manuel S and Rust, John},
  journal={SIAM Journal on Control and Optimization},
  volume={42},
  number={6},
  pages={2094--2115},
  year={2004},
  publisher={SIAM}
}

@article{Stachurski2008,
  title={Continuous state dynamic programming via nonexpansive approximation},
  author={Stachurski, John},
  journal={Computational Economics},
  volume={31},
  number={2},
  pages={141--160},
  year={2008},
}

@book{stachurski2009economic,
  title={Economic dynamics: theory and computation},
  author={Stachurski, John},
  year={2009},
  publisher={MIT Press}
}

@book{stokey1989recursive,
  title={Recursive methods in economic dynamics},
  author={Stokey, Nancy L},
  year={1989},
  publisher={Harvard University Press}
}
